<?xml version="1.0" encoding="UTF-8"?><collection xmlns="http://www.loc.gov/MARC21/slim"><record><leader>00393nam--2200145-i-4500</leader><controlfield tag="001">000026993</controlfield><controlfield tag="002">20161230</controlfield><controlfield tag="005">20161230201036</controlfield><controlfield tag="008">060222s1000------------r-----000-0-eng-d</controlfield><datafield ind1=" " ind2=" " tag="080"><subfield code="a">517.588</subfield></datafield><datafield ind1=" " ind2=" " tag="100"><subfield code="a">Exton, Harold</subfield></datafield><datafield ind1=" " ind2=" " tag="245"><subfield code="a">Multiple hypergeometric functions and applications</subfield></datafield><datafield ind1=" " ind2=" " tag="260"><subfield code="a">New York, John Wiley &amp; Sons, 1976. 312p</subfield></datafield><datafield ind1=" " ind2=" " tag="852"><subfield code="a">45168</subfield><subfield code="c">517.5</subfield></datafield><datafield ind1=" " ind2=" " tag="CAT"><subfield code="a">Sys</subfield><subfield code="c">20080806</subfield><subfield code="h">132158</subfield></datafield></record></collection>